<?xml version="1.0" encoding="UTF-8"?><record xmlns="http://www.loc.gov/MARC21/slim" xmlns:cinclude="http://apache.org/cocoon/include/1.0" xmlns:zs="http://www.loc.gov/zing/srw/">
  <leader>00534nz  a2200157n  4500</leader>
  <controlfield tag="001">no 98098596 </controlfield>
  <controlfield tag="003">DLC</controlfield>
  <controlfield tag="005">19980724053018.2</controlfield>
  <controlfield tag="008">980723n| acannaab|          |a ana     c</controlfield>
  <datafield tag="010" ind1=" " ind2=" ">
    <subfield code="a">no 98098596 </subfield>
  </datafield>
  <datafield tag="035" ind1=" " ind2=" ">
    <subfield code="a">(OCoLC)oca04777773 </subfield>
  </datafield>
  <datafield tag="040" ind1=" " ind2=" ">
    <subfield code="a">OCl</subfield>
    <subfield code="c">OCl</subfield>
  </datafield>
  <datafield tag="110" ind1="2" ind2="0">
    <subfield code="a">Amey Roadstone Corporation</subfield>
  </datafield>
  <datafield tag="410" ind1="2" ind2="0">
    <subfield code="a">ARC</subfield>
  </datafield>
  <datafield tag="410" ind1="2" ind2="0">
    <subfield code="a">A.R.C.</subfield>
  </datafield>
  <datafield tag="670" ind1=" " ind2=" ">
    <subfield code="a">ARC Young Masters Chess Congress, 26-28 February, 1982, the Westergate School, Ivy Lane, Westergate, Chichester, West Sussex, 1982?:</subfield>
    <subfield code="b">t.p. (Amey Roadstone Corporation; ARC) prelim. p. (A.R.C.)</subfield>
  </datafield>
</record>